%% This BibTeX bibliography file was created using BibDesk.
%% http://bibdesk.sourceforge.net/

%% Created for Alexey Belyaev at 2018-05-29 22:13:42 +0300 


%% Saved with string encoding Unicode (UTF-8) 



@article{cayley,
	Author = {A. Cayley},
	Date-Added = {2018-05-29 19:12:23 +0000},
	Date-Modified = {2018-05-29 19:13:38 +0000},
	Journal = {Quart. J. Math},
	Pages = {376---378},
	Title = {A theorem on trees},
	Volume = {23},
	Year = {1889},
	Langid = {eng}}

@article{prufer,
	Author = {H. Pr{\"u}fer},
	Date-Added = {2018-05-29 19:09:51 +0000},
	Date-Modified = {2018-05-29 19:12:21 +0000},
	Journal = {Arch. Math. Phys.},
	Pages = {742---744},
	Title = {Neuer Beweis eines Satzes {\"u}ber Permutationen},
	Volume = {27},
	Year = {1918},
	Langid = {eng}}

@book{generation,
	Author = {L. Devroye},
	Date-Added = {2018-05-27 22:33:51 +0000},
	Date-Modified = {2018-05-27 22:36:55 +0000},
	Langid = {eng},
	Publisher = {School of Computer Science, McGill University},
	Title = {Non-uniform random variate generation},
	Year = {1986},
    Pages = {593---599}}

@article{sorting-is-difficult,
	Author = {A. Caprara},
	Date-Added = {2018-05-27 21:53:17 +0000},
	Date-Modified = {2018-05-27 21:55:14 +0000},
	Journal = {Proceedings of the first annual international conference on Computational molecular biology},
	Month = {January},
	Number = {23},
	Pages = {75---83},
	Title = {Sorting by reversals is difficult},
	Volume = {20},
	Year = {1997},
    Langid = {eng}}

@article{real-data,
	Author = {S. Jung and A. Cestaro and M. Troggio and D. Main},
	Date-Added = {2018-05-27 21:12:32 +0000},
	Date-Modified = {2018-05-27 21:14:35 +0000},
	Journal = {BMC Genomics},
	Langid = {eng},
	Month = {April},
	Number = {129},
	Title = {Whole genome comparisons of Fragaria, Prunus and Malus reveal different modes of evolution between Rosaceous subfamilies},
	Volume = {13},
	Year = {2012},
    Pages = {1---12}}

@article{erdos,
	Author = {P. Erd{\"o}s and A. R{\'e}nyi},
	Date-Added = {2018-05-24 15:53:17 +0000},
	Date-Modified = {2018-05-24 15:55:45 +0000},
	Journal = {Publ Math Inst Hung Acad Sci},
	Langid = {eng},
	Pages = {17---61},
	Title = {On the Evolution of Random Graphs},
	Volume = {5},
	Year = {1960}}

@book{teor-ver,
	Author = {А. Бороков},
	Date-Added = {2018-05-24 15:40:54 +0000},
	Date-Modified = {2018-05-24 15:44:08 +0000},
	Langid = {russian},
	Publisher = {Москва <<Наука>>},
	Title = {Теория Вероятностей},
	Year = {1986},
    Pages = {285}}

@article{3d,
	Author = {C. Berthelot and M. Muffato and J. Abecassis J and H. Roest Crollius},
	Date-Added = {2018-05-23 16:37:08 +0000},
	Date-Modified = {2018-05-23 16:40:09 +0000},
	Journal = {Cell Rep},
	Langid = {eng},
	Month = {March},
	Number = {11},
	Pages = {1913---1924},
	Title = {The 3D organization of chromatin explains evolutionary fragile genomic regions},
	Volume = {10},
	Year = {2015}}

@article{fragile,
	Author = {M. Alekseyev and P. Pevzner},
	Date-Added = {2018-04-25 23:38:11 +0000},
	Date-Modified = {2018-04-25 23:40:08 +0000},
	Journal = {Genome Biology},
	Langid = {eng},
	Month = {November},
	Number = {11},
	Pages = {7672---7677},
	Title = {Comparative genomics reveals birth and death of fragile regions in mammalian evolution},
	Volume = {11},
	Year = {2010}}

@article{mouse,
	Author = {P. Pevzner and G. Tesler},
	Date-Added = {2018-04-25 23:31:34 +0000},
	Date-Modified = {2018-04-25 23:33:02 +0000},
	Journal = {Proc Natl Acad Sci},
	Langid = {eng},
	Month = {June},
	Number = {13},
	Pages = {7672---7677},
	Title = {Human and mouse genomic sequences reveal extensive breakpoint reuse in mammalian evolution},
	Volume = {100},
	Year = {2003}}

@article{dcj,
	Author = {S. Yancopoulos and O. Attie and R. Friedberg},
	Date-Added = {2018-04-25 22:17:07 +0000},
	Date-Modified = {2018-04-25 22:19:19 +0000},
	Journal = {Bioinformatics},
	Langid = {eng},
	Month = {August},
	Number = {16},
	Pages = {3340---3346},
	Title = {Efficient sorting of genomic permutations by translocation, inversion and block interchange},
	Volume = {21},
	Year = {2005}}

@article{termin,
	Author = {Y. Lin and B.M.E Moret},
	Date-Added = {2018-04-23 21:13:49 +0000},
	Date-Modified = {2018-04-25 22:19:28 +0000},
	Journal = {Bioinformatics},
	Langid = {eng},
	Number = {13},
	Pages = {114----122},
	Title = {Estimating true evolutionary distances under the DCJ model},
	Volume = {24},
	Year = {2008}}

@article{fr-4,
	Author = {P. Biller and L. Gueguen and C. Knibbe and E. Tannier},
	Date-Added = {2018-04-23 21:07:49 +0000},
	Date-Modified = {2018-04-23 21:09:14 +0000},
	Journal = {Genome Biology and Evolution},
	Langid = {eng},
	Month = {May},
	Number = {5},
	Pages = {1427---1439},
	Title = {Breaking Good: Accounting for Fragility of Genomic Regions in Rearrangement Distance Estimation},
	Volume = {8},
	Year = {2016}}

@article{alexeev-1,
	Author = {N. Alexeev and M. A. Alekseyev},
	Date-Added = {2018-04-23 18:16:41 +0000},
	Date-Modified = {2018-04-23 18:27:48 +0000},
	Journal = {BMC Genomics 18(Suppl 4)},
	Langid = {eng},
	Pages = {19---27},
	Title = {Estimation of the True Evolutionary Distance under the Fragile Breakage Model},
	Year = {2017}}
